@book{source11,
  title={Title of the source},
  author={Author},
  year={2000},
  publisher={Publisher}
}

@book{source7,
  title={Title of the source},
  author={Author},
  year={2000},
  publisher={Publisher}
}

@book{source12,
  title={Title of the source},
  author={Author},
  year={2000},
  publisher={Publisher}
}

@book{source6,
  title={Title of the source},
  author={Author},
  year={2000},
  publisher={Publisher}
}